<?xml version="1.0" encoding="UTF-8" ?><marc:collection xmlns:marc="http://www.loc.gov/MARC21/slim" xmlns:xsi="http://www.w3.org/2001/XMLSchema-instance" xsi:schemaLocation="http://www.loc.gov/MARC21/slim http://www.loc.gov/standards/marcxml/schema/MARC21slim.xsd">
<marc:record><marc:leader>02859cpc a2200589Ia 4500</marc:leader>
<marc:controlfield tag="001">002147959</marc:controlfield>
<marc:controlfield tag="003">OCoLC</marc:controlfield><marc:controlfield tag="005">20111228095556.0</marc:controlfield><marc:controlfield tag="008">960726i18061897vp                  eng d</marc:controlfield><marc:datafield tag="035" ind1=" " ind2=" "><marc:subfield code="a">35149599</marc:subfield></marc:datafield><marc:datafield tag="040" ind1=" " ind2=" "><marc:subfield code="a">NDK</marc:subfield><marc:subfield code="c">NDK</marc:subfield></marc:datafield><marc:datafield tag="049" ind1=" " ind2=" "><marc:subfield code="a">NDNX</marc:subfield></marc:datafield><marc:datafield tag="096" ind1=" " ind2=" "><marc:subfield code="a">x</marc:subfield></marc:datafield><marc:datafield tag="100" ind1="1" ind2=" "><marc:subfield code="a">Earle, Pliny,</marc:subfield><marc:subfield code="d">1809-1892.</marc:subfield></marc:datafield><marc:datafield tag="245" ind1="1" ind2="0"><marc:subfield code="a">Pliny Earle Papers,</marc:subfield><marc:subfield code="f">1806-1897.</marc:subfield></marc:datafield><marc:datafield tag="300" ind1=" " ind2=" "><marc:subfield code="a">71</marc:subfield><marc:subfield code="f">items.</marc:subfield></marc:datafield><marc:datafield tag="520" ind1="8" ind2=" "><marc:subfield code="a">Business and professional correspondence of Pliny Earle, Sr., (1762-1832), inventor and cotton textiles manufacturer, and of Pliny Earle Jr., (1809-1892), physician and alienist, including a few personal letters to Miss Earle. Correspondence addressed to Earle, Sr., touches on politics, patent rights and carding machines. Correspondence addressed to Earle relates to mental illness and the institutional care of the mentally ill. He received letters from physicians, institutional administrators, and philanthropists, including a number of letters of introduction. Items, mostly ALS and 10 addressed envelopes, are arranged in roughly chronological order.</marc:subfield></marc:datafield><marc:datafield tag="545" ind1=" " ind2=" "><marc:subfield code="a">Quaker physician and alienist of Northhampton, Mass.</marc:subfield></marc:datafield><marc:datafield tag="600" ind1="1" ind2="2"><marc:subfield code="a">Gallaudet, T. H.</marc:subfield><marc:subfield code="q">(Thomas Hopkins),</marc:subfield><marc:subfield code="d">1787-1851.</marc:subfield></marc:datafield><marc:datafield tag="600" ind1="1" ind2="2"><marc:subfield code="a">Agassiz, Louis,</marc:subfield><marc:subfield code="d">1807-1873.</marc:subfield></marc:datafield><marc:datafield tag="700" ind1="1" ind2="2"><marc:subfield code="a">Hastings, Seth,</marc:subfield><marc:subfield code="d">1762-1831.</marc:subfield></marc:datafield><marc:datafield tag="700" ind1="1" ind2="2"><marc:subfield code="a">Shearman, Abraham,</marc:subfield><marc:subfield code="d">1777-1847.</marc:subfield></marc:datafield><marc:datafield tag="700" ind1="1" ind2="2"><marc:subfield code="a">Mott, Valentine,</marc:subfield><marc:subfield code="d">1785-1865.</marc:subfield></marc:datafield><marc:datafield tag="700" ind1="1" ind2="2"><marc:subfield code="a">Dunglison, Robley,</marc:subfield><marc:subfield code="d">1798-1869.</marc:subfield></marc:datafield><marc:datafield tag="700" ind1="1" ind2="2"><marc:subfield code="a">Stevens, Alexander H.</marc:subfield><marc:subfield code="q">(Alexander Hodgdon),</marc:subfield><marc:subfield code="d">1789-1869.</marc:subfield></marc:datafield><marc:datafield tag="700" ind1="1" ind2="2"><marc:subfield code="a">Beck, Theodric Romeyn,</marc:subfield><marc:subfield code="d">1791-1855.</marc:subfield></marc:datafield><marc:datafield tag="700" ind1="1" ind2="2"><marc:subfield code="a">Thurnam, John,</marc:subfield><marc:subfield code="d">1810-1873.</marc:subfield></marc:datafield><marc:datafield tag="700" ind1="1" ind2="2"><marc:subfield code="a">Edmonds, John W.</marc:subfield><marc:subfield code="q">(John Worth),</marc:subfield><marc:subfield code="d">1799-1874.</marc:subfield></marc:datafield><marc:datafield tag="700" ind1="1" ind2="2"><marc:subfield code="a">Bedford, Gunning S.,</marc:subfield><marc:subfield code="d">1806-1870.</marc:subfield></marc:datafield><marc:datafield tag="700" ind1="1" ind2="2"><marc:subfield code="a">Parker, Willard,</marc:subfield><marc:subfield code="d">1800-1884.</marc:subfield></marc:datafield><marc:datafield tag="700" ind1="1" ind2="2"><marc:subfield code="a">Pattison, Granville Sharp,</marc:subfield><marc:subfield code="d">1791-1851.</marc:subfield></marc:datafield><marc:datafield tag="700" ind1="1" ind2="2"><marc:subfield code="a">Farnham, Eliza W.</marc:subfield><marc:subfield code="q">(Eliza Wood),</marc:subfield><marc:subfield code="d">1815-1864.</marc:subfield></marc:datafield><marc:datafield tag="700" ind1="1" ind2="2"><marc:subfield code="a">Dix, Dorothea Lynde,</marc:subfield><marc:subfield code="d">1802-1887.</marc:subfield></marc:datafield><marc:datafield tag="700" ind1="1" ind2="2"><marc:subfield code="a">Winslow, Forbes,</marc:subfield><marc:subfield code="d">1810-1874.</marc:subfield></marc:datafield><marc:datafield tag="700" ind1="1" ind2="2"><marc:subfield code="a">Downing, Charles.</marc:subfield></marc:datafield><marc:datafield tag="700" ind1="1" ind2="2"><marc:subfield code="a">Hamilton, Andrew Jackson,</marc:subfield><marc:subfield code="d">1815-1875.</marc:subfield></marc:datafield><marc:datafield tag="700" ind1="1" ind2="2"><marc:subfield code="a">Seguin, Edward,</marc:subfield><marc:subfield code="d">1812-1880.</marc:subfield></marc:datafield><marc:datafield tag="700" ind1="1" ind2="2"><marc:subfield code="a">Brown-Séquard, Charles-Edouard,</marc:subfield><marc:subfield code="d">1817-1894.</marc:subfield></marc:datafield><marc:datafield tag="700" ind1="1" ind2="2"><marc:subfield code="a">Dall, Caroline Wells Healey,</marc:subfield><marc:subfield code="d">1822-1912.</marc:subfield></marc:datafield><marc:datafield tag="700" ind1="1" ind2="2"><marc:subfield code="a">Davis, J. C. Bancroft</marc:subfield><marc:subfield code="q">(John Chandler Bancroft),</marc:subfield><marc:subfield code="d">1822-1907.</marc:subfield></marc:datafield><marc:datafield tag="700" ind1="1" ind2="2"><marc:subfield code="a">Clark, William Smith,</marc:subfield><marc:subfield code="d">1826-1886.</marc:subfield></marc:datafield><marc:datafield tag="700" ind1="1" ind2="2"><marc:subfield code="a">Gilman, Arthur,</marc:subfield><marc:subfield code="d">1837-1909.</marc:subfield></marc:datafield><marc:datafield tag="700" ind1="1" ind2="2"><marc:subfield code="a">Porter, Fitz-John,</marc:subfield><marc:subfield code="d">1822-1901.</marc:subfield></marc:datafield><marc:datafield tag="700" ind1="1" ind2="2"><marc:subfield code="a">Warner, Oliver,</marc:subfield><marc:subfield code="d">1818-1885.</marc:subfield></marc:datafield><marc:datafield tag="700" ind1="1" ind2="2"><marc:subfield code="a">Howe, S. G.</marc:subfield><marc:subfield code="q">(Samuel Gridley),</marc:subfield><marc:subfield code="d">1801-1876.</marc:subfield></marc:datafield><marc:datafield tag="700" ind1="1" ind2="2"><marc:subfield code="a">Peirce, Henry Bailey.</marc:subfield></marc:datafield><marc:datafield tag="700" ind1="1" ind2="2"><marc:subfield code="a">Hays, I. Minis</marc:subfield><marc:subfield code="q">(Isaac Minis),</marc:subfield><marc:subfield code="d">1847-1925.</marc:subfield></marc:datafield><marc:datafield tag="700" ind1="1" ind2="2"><marc:subfield code="a">Talcott, Selden Haines,</marc:subfield><marc:subfield code="d">1842-1902.</marc:subfield></marc:datafield><marc:datafield tag="700" ind1="1" ind2="2"><marc:subfield code="a">Sanborn, F. B.</marc:subfield><marc:subfield code="q">(Franklin Benjamin),</marc:subfield><marc:subfield code="d">1831-1917.</marc:subfield></marc:datafield><marc:datafield tag="700" ind1="1" ind2="2"><marc:subfield code="a">Gray, John P.</marc:subfield><marc:subfield code="q">(John Purdue),</marc:subfield><marc:subfield code="d">1825-1886.</marc:subfield></marc:datafield><marc:datafield tag="700" ind1="1" ind2="2"><marc:subfield code="a">Phipson, Emma.</marc:subfield></marc:datafield><marc:datafield tag="710" ind1="2" ind2=" "><marc:subfield code="a">History of Medicine Collections (Duke University)</marc:subfield></marc:datafield></marc:record>
</marc:collection>
